@article{liu2020stable,
  title={Stable learned bloom filters for data streams},
  author={Liu, Qiyu and Zheng, Libin and Shen, Yanyan and Chen, Lei},
  journal={Proceedings of the VLDB Endowment},
  volume={13},
  number={12},
  pages={2355--2367},
  year={2020},
  publisher={VLDB Endowment}
}

@article{bloom1970space,
  title={Space/time trade-offs in hash coding with allowable errors},
  author={Bloom, Burton H},
  journal={Communications of the ACM},
  volume={13},
  number={7},
  pages={422--426},
  year={1970},
  publisher={ACM New York, NY, USA}
}

@article{fan2000summary,
  title={Summary cache: a scalable wide-area web cache sharing protocol},
  author={Fan, Li and Cao, Pei and Almeida, Jussara and Broder, Andrei Z},
  journal={IEEE/ACM transactions on networking},
  volume={8},
  number={3},
  pages={281--293},
  year={2000},
  publisher={IEEE}
}

@misc{website:Hasher,
      author = {Apache Software Foundation},
      title = {Hasher (Apache Commons Collections 4.5.0-M1 API)},
      month = {5},
      year = {2024},
      url = {https://commons.apache.org/proper/commons-collections/apidocs/org/apache/commons/collections4/bloomfilter/Hasher.html}
}

@inproceedings{deng2006approximately,
  title={Approximately detecting duplicates for streaming data using stable bloom filters},
  author={Deng, Fan and Rafiei, Davood},
  booktitle={Proceedings of the 2006 ACM SIGMOD international conference on Management of data},
  pages={25--36},
  year={2006}
}

@article{solomon2016fast,
  title={Fast search of thousands of short-read sequencing experiments},
  author={Solomon, Brad and Kingsford, Carl},
  journal={Nature biotechnology},
  volume={34},
  number={3},
  pages={300--302},
  year={2016},
  publisher={Nature Publishing Group US New York}
}

@misc{website:LevenshteinDistance,
      author = {Apache Software Foundation},
      title = {LevenshteinDistance (Apache Commons Text 1.12.0 API)},
      month = {5},
      year = {2024},
      url = {https://commons.apache.org/proper/commons-text/apidocs/org/apache/commons/text/similarity/LevenshteinDistance.html}
}

@misc{website:Poster,
      author = {Claude N. Warren Jr.},
      title = {Claudenw/BloomTextFilter: Example code and Poster for Community over Code EU 20205 Poster Session},
      month = {5},
      year = {2024},
      url = {https://github.com/Claudenw/BloomTextFilter}
}
